@inproceedings{halide,
  author    = {Jonathan Ragan{-}Kelley and
               Connelly Barnes and
               Andrew Adams and
               Sylvain Paris and
               Fr{\'{e}}do Durand and
               Saman P. Amarasinghe},
  title     = {Halide: a language and compiler for optimizing parallelism, locality,
               and recomputation in image processing pipelines},
  booktitle = pldi,
  year      = {2013},
}

@inproceedings{spatial,
  author    = {David Koeplinger and
               Matthew Feldman and
               Raghu Prabhakar and
               Yaqi Zhang and
               Stefan Hadjis and
               Ruben Fiszel and
               Tian Zhao and
               Luigi Nardi and
               Ardavan Pedram and
               Christos Kozyrakis and
               Kunle Olukotun},
  title     = {Spatial: a language and compiler for application accelerators},
  booktitle = pldi,
  year      = {2018},
}

@article{halide-hls,
  title={Programming heterogeneous systems from an image processing DSL},
  author={Pu, Jing and Bell, Steven and Yang, Xuan and Setter, Jeff and Richardson, Stephen and Ragan-Kelley, Jonathan and Horowitz, Mark},
  journal={ACM Transactions on Architecture and Code Optimization (TACO)},
  year={2017},
  publisher={ACM}
}