@string{popl = "ACM SIGPLAN-SIGACT Symposium on Principles of Programming
                Languages (POPL)" }
@string{cacm = "Communications of the ACM (CACM)" }
@string{jcs = "Journal of Computer Security" }
@string{jfp = "Journal of Functional Programming" }
@string{pldi = "ACM SIGPLAN Conference on Programming Language Design and
                Implementation (PLDI)" }
@string{sigcomm = "ACM SIGCOMM Conference" }
@string{hotsdn = "ACM SIGCOMM Workshop on Hot Topics in Software Defined
                  Networking (HotSDN)" }
@string{oakland = "IEEE Security and Privacy (Oakland)" }
@string{ecoop = "European Conference on Object-Oriented Programming (ECOOP)" }
@string{esop = "European Symposium on Programming (ESOP)" }
@string{security = "USENIX Security Symposium" }
@string{oopsla = "ACM SIGPLAN Conference on Object Oriented Programming,
                  Systems, Languages and Applications (OOPSLA)" }
@string{dls = "Dynamic Languages Symposium (DLS)" }
@string{sigcse = "ACM Technical Symposium on Computer Science Education
                  (SIGCSE)" }
@string{www = "World Wide Web Conference (WWW)" }
@string{lisa = "USENIX Large Installation System Administration Conference
                (LISA)" }
@string{scm = "International Workshop on Software Configuration Management
               (SCM)" }
@string{middleware = "ACM/IFIP/USENIX International Middleware Conference" }
@string{ons = "Open Networking Summit (ONS) Research Track" }
@string{asa = "Analysis of Security APIs (ASA)" }
@string{foser = "Workshop on the Future of Software Engineering Research
                 (FoSER)" }
@string{fool = "Workshop on Foundations of Object-Oriented Languages (FOOL)" }
@string{ocaml = "The OCaml Users and Developers Workshop" }
@string{hotice = "USENIX Workshop on Hot Topics in Management of Internet,
                  Cloud, and Enterprise Networks and Services (HotICE)" }
@string{icfp = "ACM International Conference on Functional Programming (ICFP)" }
@string{asplos = "ACM International Conference on Architectural Support for
                  Programming Languages and Operating Systems (ASPLOS)" }
@string{sas = "International Static Analysis Symposium (SAS)" }
@string{fm = "International Symposium on Formal Methods (FM)" }
@string{esecfse = "Joint Meeting of the European Software Engineering
                   Conference (ESEC) and the ACM SIGSOFT Symposium on the
                   Foundations of Software Engineering (FSE)" }
@string{tacas = "Tools and Algorithms for the Construction and Analysis of
                 Systems (TACAS)" }
@string{icfem = "International Conference on Formal Engineering Methods
                 (ICFEM)" }
@string{tse = "IEEE Transactions on Software Engineering (TSE)" }
@string{icse = "International Conference on Software Engineering (ICSE)" }
@string{sosp = "ACM Symposium on Operating Systems Principles (SOSP)" }
@string{toplas = "{ACM} Transactions on Programming Languages and Systems
                  (TOPLAS)" }
@string{nsdi = "{USENIX} Symposium on Networked System Design and
                Implementation (NSDI)" }
@string{eurosys = "European Conference on Computer Systems (EuroSys)" }
@string{padl = "International Workshop on Practical Aspects of Declarative
                Languages (PADL)" }
@string{wren = "Workshop: Research on Enterprise Networking (WREN)" }
@string{sosr = "Symposium on SDN Research (SOSR)"}
@string{corr = "Computing Research Repository (CoRR)"}
@string{osdi = "USENIX Symposium on Operating Systems Design and Implementation (OSDI)"}
@string{plas = "Workshop on Programming Languages and Analysis for Security (PLAS)"}
@string{ase = "IEEE International Symposium on Automated Software Engineering"}
@string{esorics = "European Symposium on Research in Computer Security"}
@string{csf = "IEEE Computer Security Foundations Symposium (CSF)"}
@string{snapl = "Summit oN Advances in Programming Languages (SNAPL)"}
@string{sigmod = "ACM SIGMOD International Conference on Management of Data (SIGMOD)"}
@string{fse = "ACM SIGSOFT Symposium on the  Foundations of Software Engineering (FSE)" }
@string{plpv = "Programming Languages meets Program Verification Workshop (PLPV)"}
@string{dbpl = "International Symposium on Database Programming Languages (DBPL)"}
@string{tocs = "ACM Transactions on Computer Systems (TOCS)"}
@string{uist = "Symposium on User Interface Software and Technology (UIST)"}
@string{cav = "International Conference on Computer-Aided Verification (CAV)"}
@string{fmcad = "Formal Methods in Computer-Aided Design (FMCAD)"}
@string{hosc = "Higher-Order and Symbolic Computation (HOSC)"}
@string{lfp = "Lisp and Functional Programming (LFP)"}
@string{scheme = "Workshop on Scheme and Functional  Programming" }
@string{ase = "Automated Software Engineering (ASE)"}
@string{iticse = "Conference on Innovation and Technology in Computer Science Education (ITiCSE)"}
